@misc{ikcpaper:hslu,
author = {Michael Kaufmann, Andreas Waldis, Patrick Siegfried, Gwendolin Wilke, Edy Portmann, Matthias Hemmje},
title = {Intuitive Knowledge Connectivity},
howpublished = {\url{http://link.springer.com/chapter/10.1007%2F978-3-319-47650-6_27}},
month = {10},
year = {2016},
note = {(Accessed on 10/05/2016)}
}


@misc{moscow:hardvard,
author = {Scott Bradner},
title = {Key words for use in RFCs to Indicate Requirement Levels},
howpublished = {\url{http://www.ietf.org/rfc/rfc2119.txt}},
month = {03},
year = {1997},
note = {(Accessed on 10/05/2016)}
}

@misc{1_franz_lopes_huck_dong_sumer_bader_2016,
author={Franz, Max and Lopes, Christian T. and Huck, Gerardo and Dong, Yue and Sumer, Onur and Bader, Gary D.},
title={Cytoscape.js: a graph theory library for visualisation and analysis},
url={http://bioinformatics.oxfordjournals.org/content/32/2/309},
urldate={2016-11-9},
year={2016}
}

@misc{2_maurizzzio/greuler_2016,
author={Mauricio Poppe},
url={https://github.com/maurizzzio/greuler},
urldate={2016-11-9},
journal={GitHub},
year={2016}
}

@misc{jointsjs,
author={Rappid},
url={http://resources.jointjs.com/docs/jointjs/v1.0/joint.html},
urldate={2016-12-12},
journal={Rappid},
year={2016}
}


%%howpublished = {\url{https://www.dropbox.com/s/irgyjtoesybg925/Preprint_IKC_KSEM16.pdf?dl=0}},
